@book{Morais,
	title = {Interação humano‑computador},
	isbn = {978-85-87686-62-6},
	publisher = {Casa de Ideias},
	author = {Morais, Everson Matias de and Loper, Adriane Aparecida},
	year = {2014}
}

@misc{silva_internet,
	title = {Folha {Online} - {Cotidiano} - {Internet} foi criada em 1969 com o nome de "{Arpanet}" nos {EUA} - 12/08/2001},
	url = {https://www1.folha.uol.com.br/folha/cotidiano/ult95u34809.shtml},
	urldate = {2020-05-08},
	author = {Silva, Leonardo},
	month = aug,
	year = {2001}
}

@book{barbosa,
	edition = {Edição: 1ª},
	title = {Interação {Humano}-{Computador}},
	isbn = {978-85-352-3418-3},
	abstract = {Este livro visa fornecer aos leitores um conhecimento abrangente sobre práticas de projeto e avaliação de sistemas interativos de alta qualidade. Inicialmente, são apresentados os principais conceitos da área de Interação Humano-Computador (IHC). Em seguida, são apresentadas atividades envolvidas em design e avaliação de interfaces de usuário, incluindo métodos, técnicas, modelos e representações utilizados em cada uma delas. Cada capítulo inclui modelos de relatórios, diagramas e outros artefato s produzidos pelas atividades nele descritas. Cada método apresentado é aplicado através de exemplos e exercícios relacionados em diversos ambientes (PC, Web, celulares, entre outros). O leitor será capaz de aplicar os métodos de design e de avaliação de interfaces de usuário em seus projetos, introduzindo atividades relacionadas a IHC nos processos de desenvolvimento de software de que participe, para aumentar a qualidade do produto gerado.},
	language = {Português},
	publisher = {Elsevier},
	author = {Barbosa, Simone Diniz Junqueira and Silva, Bruno Santana da},
	month = aug,
	year = {2010}
}

@article{moran,
title = "The Command Language Grammar: a representation for the user interface of interactive computer systems",
journal = "International Journal of Man-Machine Studies",
volume = "15",
number = "1",
pages = "3 - 50",
year = "1981",
issn = "0020-7373",
doi = "https://doi.org/10.1016/S0020-7373(81)80022-3",
url = "http://www.sciencedirect.com/science/article/pii/S0020737381800223",
author = "Thomas P. Moran"
}

@book{hix,
author = {Hix, Deborah and Hartson, H. Rex},
title = {Developing User Interfaces: Ensuring Usability through Product & Process},
year = {1993},
isbn = {0471578134},
publisher = {John Wiley & Sons, Inc.},
address = {USA}
}

@misc{duarte,
	title = {Pesquisas: {Exploratória}, {Descritiva} e {Explicativa} - {Brasil} {Escola}},
	shorttitle = {Pesquisas},
	url = {https://monografias.brasilescola.uol.com.br/regras-abnt/pesquisas-exploratoria-descritiva-explicativa.htm},
	abstract = {As pesquisas exploratória, descritiva e explicativa representam as classes de pesquisa.},
	language = {pt-br},
	urldate = {2020-04-29},
	journal = {Monografias Brasil Escola},
	author = {Duarte, Vânia Maria do Nascimento},
    year = {2012},
	note = {Library Catalog: monografias.brasilescola.uol.com.br}
}

@book{nielsen,
	title = {Usability {Engineering}},
	isbn = {978-0-12-518406-9},
	url = {https://linkinghub.elsevier.com/retrieve/pii/C20090215121},
	language = {Inglês},
	publisher = {Elsevier},
	author = {Nielsen, Jakob},
	year = {1993}
}

@misc{noauthor_whatisia,
	title = {What is {Information} {Architecture}? {\textbar} {IA} {Institute}},
	url = {https://www.iainstitute.org/what-is-ia},
    author = {Iainstitute},
	urldate = {2020-05-25}
}

@misc{xavier_arquitetura,
	title = {Arquitetura da {Informação}: entenda esse conceito e como ele funciona},
	shorttitle = {Arquitetura da {Informação}},
	url = {https://rockcontent.com/blog/arquitetura-da-informacao/},
	abstract = {A arquitetura da informação é um importante conceito em UX e que tem implicações fundamentais em marketing e no negócio. Entenda tudo sobre o assunto neste post!},
	language = {pt-BR},
	urldate = {2020-05-27},
	journal = {Rock Content},
	author = {Xavier, Thiago},
	month = apr,
	year = {2018},
	note = {Library Catalog: rockcontent.com}
}

@misc{noauthor_introducao_usabilidade,
	title = {Introdução à usabilidade em sites web},
	url = {https://ux.sapo.pt/usabilidade/web/introducao/},
	abstract = {A usabilidade (ou falta dela) é uma componente muito importante de um website, e que pode significar o sucesso ou insucesso do mesmo junto dos seus utilizadores.},
	language = {pt},
	urldate = {2020-05-27},
    author = {SAPO UX},
	journal = {SAPO UX},
	month = jul,
	year = {2014},
	note = {Library Catalog: ux.sapo.pt}
}

@misc{noauthor_calculadora,
	title = {Calculadora de margem de erro},
	url = {https://pt.surveymonkey.com/mp/margin-of-error-calculator/},
	abstract = {Calculate the margin of error or confidence interval for your next survey with our easy to use Margin of Error Calculator. Learn how margin of error works, get tips, and send with confidence.},
	language = {en-US},
	urldate = {2020-06-12},
    author = {SurveyMonkey},
	journal = {SurveyMonkey},
	note = {Library Catalog: pt.surveymonkey.com}
}

@misc{noauthor_ruf,
	title = {{Perfil} de {Universidades} e {Faculdades} - {Ranking} {Universitário} {Folha} -  2019 {\textbar} {Folha}},
	url = {https://ruf.folha.uol.com.br/2019/lista-universidades-instituicoes/universidade-catolica-do-salvador-519.shtml},
	abstract = {Confira tudo sobre as melhores universidades e instituições de ensino superior do Ranking Universitário Folha - RUF 2019},
	language = {pt-BR},
	urldate = {2020-06-12},
    author = {Folha},
	journal = {Ranking Universitário Folha},
	note = {Library Catalog: ruf.folha.uol.com.br}
}

@misc{noauthor_webresponsiva,
	title = {Aprenda a criar uma página web responsiva em 5 passos},
	url = {https://rockcontent.com/blog/como-criar-uma-pagina-web-responsiva/},
	abstract = {Criar uma página Web Reponsiva é uma ótima forma de atrair pessoas e ter mais sucesso na Internet. Descubra agora mesmo como criar a sua!},
	language = {pt-BR},
	urldate = {2020-06-14},
    author = {RockContent},
	journal = {Rock Content},
	month = dec,
	year = {2017},
	note = {Library Catalog: rockcontent.com
Section: Tudo Sobre Marketing}
}

@misc{guimaraes,
	title = {O que é {Design} {Centrado} no {Usuário}?},
	url = {https://medium.com/aela/o-que-%C3%A9-design-centrado-no-usu%C3%A1rio-11a9c13c3a2f},
	abstract = {É bem comum, desde o início da era tecnológica, a criação de sistemas extremamente complexos, com foco nos objetivos do negócio…},
	language = {en},
	urldate = {2020-06-14},
	journal = {Medium},
	author = {Guimarães, Felipe Melo},
	month = jan,
	year = {2019},
	note = {Library Catalog: medium.com}
}

@misc{folha_de_sao_paulo_universidade_2019,
	title = {Universidade {Católica} do {Salvador} ({UCSAL}) - {Perfil} de {Universidades} e {Faculdades} - {Ranking} {Universitário} {Folha} - {RUF} 2019 {\textbar} {Folha}},
	url = {https://ruf.folha.uol.com.br/2019/lista-universidades-instituicoes/universidade-catolica-do-salvador-519.shtml},
	abstract = {Confira tudo sobre as melhores universidades e instituições de ensino superior do Ranking Universitário Folha - RUF 2019},
	language = {pt-BR},
	urldate = {2020-06-12},
	journal = {Ranking Universitário Folha},
	author = {{Folha de São Paulo}},
	year = {2019},
	note = {Library Catalog: ruf.folha.uol.com.br}
}

@misc{agencia_ex2_web_2013,
	title = {Web 1.0, {Web} 2.0 e {Web} 3.0... {Enfim}, o que é isso?},
	url = {https://ex2.com.br/blog/web-1-0-web-2-0-e-web-3-0-enfim-o-que-e-isso/},
	abstract = {Esses termos são motivos de muita confusão e discussões e no fim acaba sendo difícil entender o que realmente é um ou outro. Entenda agora o que são essas nomenclaturas criadas para retratar as constantes mudanças que acontecem e aconteceram com a internet! Em busca de uma definição Muitos acreditam que esses termos nomeiam diferentes …},
	language = {pt-BR},
	urldate = {2020-05-13},
	journal = {Agência Ex2},
	author = {{Agência Ex2}},
	year = {2013},
	note = {Library Catalog: ex2.com.br
Section: Internet}
}

@book{rubin,
author = {Rubin, Jeffrey},
title = {Handbook of Usability Testing: How to Plan, Design, and Conduct Effective Tests},
year = {1994},
isbn = {0471594032},
publisher = {John Wiley & Sons, Inc.},
address = {USA},
edition = {1st}
}

@misc{davila_folha_2007,
	title = {Folha {Online} - {Informática} - {Internet} prepara-se para era da {Web} 3.0, com buscas avançadas - 21/02/2007},
	url = {https://www1.folha.uol.com.br/folha/informatica/ult124u21656.shtml},
	urldate = {2020-10-09},
	author = {Dávila, Sérgio},
	year = {2007}
}

@misc{oreilly_what_2005,
	title = {What {Is} {Web} 2.0},
	url = {https://oreilly.com{file}},
	abstract = {Tim O'Reilly attempts to clarify just what is meant by Web 2.0, the term first coined at a conference brainstorming session between O'Reilly Media and MediaLive International, which also spawned the Web 2.0 Conference.},
	urldate = {2020-10-09},
	author = {O'Reilly, Tim},
	year = {2005}
}

@misc{becker_o_2019,
	title = {O que é {Web} {Semântica}?},
	url = {https://www.organicadigital.com/blog/o-que-e-web-semantica/},
	abstract = {Web Semântica, saiba o que é e como aplicar o conceito na prática.},
	language = {pt-BR},
	urldate = {2020-10-09},
	author = {Becker, Lauro},
	year = {2019}
}

